@inproceedings{ITK2002,
author = {T.S. Yoo and M. J. Ackerman and W. E. Lorensen and W. Schroeder and V. Chalana and S. Aylward and D. Metaxas and R. Whitaker},
title = {Engineering and algorithm design for an image processing {API}: a technical report on {ITK} - the insight toolkit},
booktitle = {Med. Meets Virtual Reality}, 
pages = {586-592},
year = {2002}
}

@inproceedings{Wedlick2012,
author = {Thomas R. Wedlick and Allison M. Okamura},
booktitle = {{IEEE RAS EMBS} Int. Conf. Biomedical Robotics Biomechatronics},
year = {2012},
pages = {62-68},
title = {Characterization of robotic needle insertion and rotation in artificial and ex vivo tissues}
}

@inproceedings{Torabi2009, 
author={Torabi, M. and Hauser, K. and Alterovitz, R. and Duindam, Vincent and Goldberg, K.}, 
title={Guiding medical needles using single-point tissue manipulation}, 
booktitle={{IEEE} Int. Conf. Robotics Automation}, 
year={2009},  
pages={2705-2710}, 
}

@article{Pacchierotti2014,
  title={Teleoperation of steerable flexible needles by combining kinesthetic and vibratory feedback},
  author={Pacchierotti, Claudio and Abayazid, Momen and Misra, Sarthak and Prattichizzo, Domenico},
  journal={{IEEE} Trans. Haptics },
  volume={7},
  number={4},
  pages={551-556},
  year={2014}
}

@inproceedings{Adebar2013,
	author={Troy K. Adebar and Allison M. Okamura},
	year={2013},
	title={{3D} segmentation of curved needles using
{Doppler} ultrasound and vibration},
	booktitle={Int. Conf. Inform. Processing Comput.-Assisted Interventions},
	pages = {61-70},
	volume = {7915}
}

@inproceedings{Adebar2015,
	author={Troy K. Adebar and Joseph D. Greer and Paul F. Laeseke and Gloria L. Hwang and Allison M. Okamura},
	year={2015},
	title={Towards robotic needle steering for percutaneous radiofrequency ablation in the liver: procedure-specific workspace analysis},
	booktitle={Hamlyn Symp. Medical Robotics},
	pages = {67-68}
}

@inproceedings{Greer2014,
	author={Joseph D. Greer and Troy K. Adebar and Allison M Okamura},
	year={2014},
	title={Real-time {3D} curved needle segmentation using combined {B}-mode and power {Doppler} ultrasound},
	booktitle={Med. Im. Computing Comput.-Assisted Interventions},
	pages = {381-388},
	volume = {8674}
}

@inproceedings{Kim2005,
	author={Jung Kim and Mandayam A. Srinivasan},
	year={2005},
	title={Characterization of viscoelastic soft tissue properties from in vivo experiments and inverse {FE} parameter estimation},
	booktitle={Med. Im. Computing Comput.-Assisted Interventions},
	pages = {599-606},
	volume = {8674}
}

@inproceedings{Reed2008,
author = {Kyle B Reed and Vinutha Kallem and Ron Alterovitz and Ken Goldberg and Allison M Okamura and Noah J Cowan},
booktitle = {{IEEE RAS EMBS} Int. Conf. Biomedical Robotics Biomechatronics},
year = {2008},
pages = {819-824},
title = {Integrated planning and image-guided control for planar needle steering}
}

@inproceedings{Misra2008,
author = {Sarthak Misra and Kyle B. Reed and Andrew S. Douglas and K. T. Ramesh and Allison M. Okamura},
booktitle = {{IEEE RAS EMBS} Int. Conf. Biomedical Robotics Biomechatronics},
year = {2008},
pages = {224-231},
title = {Needle-tissue interaction forces for bevel-tip steerable needles}
}

@article{Barbe2007,
author = {L. Barb\'{e} and B. Bayle and M. {de Mathelin} and A. Gangli},
title = {Needle insertions modeling: identifiability and limitations},
journal = {Biomedical Signal Processing and Control},
volume = {2},
number = {3},
pages = {191-198},
year = {2007}
}

@phdthesis{WedlickThesis2013,
author = { T.R. Wedlick },
school = { The Johns Hopkins University },
title = { Models and techniques to enhance the accuracy of robotic needle insertion },
year = { 2013 },
}

@article{Chung2004,
  title={Enhancement of needle visibility in ultrasound-guided percutaneous procedures},
  author={Stephanie Cheung and Robert Rohling},
  journal = {Ultrasound Med. Biol.},
  volume={30},
  number={5},
  pages={617-624},
  year={2004}
}

@article{vandeBerg2014,
  title={Design choices in needle steering: a review},
  author={{van de Berg}, N.J. and {van Gerwen}, D.J. and Dankelman, J. and {van den} Dobbelsteen, J.J.},
  journal = {{IEEE} Trans. Mechatronics},
  note={eprint ahead of publication, DOI 10.1109/TMECH.2014.2365999},
  year={2014}
}
@article{Adebar2014,
  title={{3D} ultrasound-guided robotic needle steering in biological tissue},
  author={T. K. Adebar and A. E. Fletcher and A. M. Okamura},
  journal = {{IEEE} Trans. Biomed. Eng.},
  volume={61},
  number={12},
  pages={2899-2910},
  year={2014}
}

@article{Engh2010,
  title={Percutaneous intracerebral navigation by duty-cycled spinning of flexible bevel-tipped needles},
  author={Johnathan A Engh and Davneet S Minhas and Douglas Kondziolka and Cameron N Riviere},
  journal = {Neurosurgery},
  volume={67},
  number={4},
  pages={1117-1123},
  year={2010}
}

@inproceedings{Minhas2007, 
  author={Minhas, D.S. and Engh, J.A and Fenske, M.M. and Riviere, C.N.}, 
  booktitle={Int. Conf. {IEEE} Eng. Med. Biology Soc.}, 
  title={Modeling of needle steering via duty-cycled spinning}, 
  year={2007}, 
  pages={2756-2759}
}

@inproceedings{Wedlick2009, 
  author={T Wedlick and A M Okamura}, 
  booktitle={Int. Conf. {IEEE} Eng. Med. Biology Soc.}, 
  title={Characterizing pre-curved needles for steering in biological tissue}, 
  year={2009}, 
  pages={1200-1203}
}

@article{Crocetti2008,
  title={Targeting liver lesions for radiofrequency ablation: an experimental feasibility study using a {CT-US} fusion imaging system},
  author={Laura Crocetti and Riccardo Lencioni and Stefano {DeBeni} and Teik Choon See and Clotilde Della Pina and Carlo Bartolozzi},
  journal = {Invest. Radiol.},
  volume={43},
  number={1},
  pages={33-39},
  year={2008}
}

@article{Dodd2001,
  title={Radiofrequency thermal ablation: computer analysis of the size of the thermal injury created by overlapping ablations},
  author={Gerald D. Dodd and Mark S. Frank and Shailendra Chopra and Kedar N. Chintapalli},
  journal = {Am. J. Roentgenol.},
  volume={177},
  number={4},
  pages={777-782},
  year={2001}
}

@article{Gervais2009,
  title={{Society of Interventional Radiology} position statement on percutaneous radiofrequency ablation for the treatment of liver tumors},
  author={Debra A. Gervais and Nahum Goldberg and Daniel B. Brown and Michael C. Soulen and Steven F. Millward and Dheeraj K. Rajan},
  journal = {J. Vasc. Interv. Radiol.},
  volume={20},
  number={1},
  pages={3-8},
  year={2009}
}

@article{Kim2006,
  title={Intrahepatic recurrence after percutaneous radiofrequency ablation of hepatocellular carcinoma: analysis of the pattern and risk factors},
  author={Y S Kim and H Rhim and O K Cho and B H Koh and Y Kim},
  journal = {Eur. J. Radiol.},
  volume={59},
  number={3},
  pages={432-441},
  year={2006}
}

@article{Kim2010,
  title={The minimal ablative margin of radiofrequency ablation of hepatocellular carcinoma ($>$ 2 and $<$ 5 cm) needed to prevent local tumor progression: {3D} quantitative assessment using {CT} image fusion},
  author={Young Sun Kim and Won Jae Lee and Hyunchul Rhim and Hyo K. Lim and Dongil Choi and Ji Young Lee},
  journal = {Am. J. Roentgenol.},
  volume={195},
  number={3},
  pages={758-765},
  year={2010}
}

@article{MaierHein2008,
   author = {Maier-Hein, Lena and Tekbas, Aysun and Seitel, Alexander and Pianka, Frank and M\"{u}ller, Sascha A. and Satzl, Stefanie and Schawo, Simone and Radeleff, Boris and Tetzlaff, Ralf and 	Franz, Alfred M. and M\"{u}ller-Stich, Beat P. and Wolf, I. and Kauczor, H. U. and Schmied, B. M. 	and Meinzer, H. P.},
   title = {In vivo accuracy assessment of a needle-based navigation system for {CT}-guided radiofrequency ablation of the liver},
   journal = {Med. Phys.},
   year = {2008},
   volume = {35},
   number = {12}, 
   pages = {5385-5396}
}

@article{Schubert2013,
   author = {Tilman Schubert and Augustinus L. Jabob and Michele Pansini and David Liu and Andreas Gutzeit and Sebastian Kos},
   title = {{CT}-guided interventions using a free-hand, optical tracking system: initial clinical experience},
   journal = {Cardiovasc. Inter. Rad.},
   year = {2013},
   volume = {36},
   pages = {1055-1062}
}

@article{Alterovitz2008,
  title={Motion planning under uncertainty for image-guided medical needle steering},
  author={Ron Alterovitz and Michael Branicky and Ken Goldberg},
  journal = {Int. J. Robot. Res.},
  volume={27},
  number={11-12},
  pages={1361-1374},
  year={2008}
}

@article{Ayvali2012,
  title={Towards a discretely actuated steerable cannula for diagnostic and therapeutic procedures},
  author={Elif Ayvali and Chia-Pin Liang and Mingyen Ho and Yu Chen and Jaydev P. Desai},
  journal = {Int. J. Robot. Res.},
  volume={31},
  number={5},
  pages={588-603},
  year={2012}
}

@article{Webster2009,
  title={Mechanics of precurved-tube continuum robots},
  author={{Webster III}, R. J. and Romano, J. M. and Cowan, N. J.},
  journal = {{IEEE} Trans. Robot.},
  volume={25},
  number={1},
  pages={67-78},
  year={2009}
}

@article{Rucker2013,
  title={Sliding mode control of steerable seedles},
  author={Rucker, D. C. and Das, J. and Gilbert, H. B. and Swaney, P. J. and Miga, M. I. and Sarkar, N. and Webster III, R. J.},
  journal = {{IEEE} Trans. Robot.},
  volume={29},
  number={5},
  pages={1289-1299},
  year={2013}
}

@inproceedings{Burdette2010,
  title={The {ACUSITT} ultrasonic ablator: the first steerable needle with an integrated interventional tool},
  author={Burdette, E Clif and Rucker, D Caleb and Prakash, Punit and Diederich, Chris J and Croom, Jordon M and Clarke, Clyde and Stolka, Philipp and Juang, Titania and Boctor, Emad M and {Webster III}, Robert J},
  booktitle={SPIE Med. Imaging},
  pages={76290V-76290V},
  year={2010}
}

@article {Burgner2012,
	title = {{An autoclavable steerable cannula manual deployment device: design 	and accuracy analysis}},
	journal = {{ASME} J. Med. Devices},
	volume = {6},
	year = {2012},
	pages = {041007},
	author = {{Burgner}, Jessica  and {Swaney}, Philip J and {Bruns}, T L and 		{Clark}, M S and {Rucker}, Daniel C and {Burdette}, E C and {Webster III}, Robert J}
}

@article{Patil2014,
author = {Sachin Patil and Jessica Burgner and Webster III, R. J. and Ron Alterovitz},
title = {Needle steering in {3-D} via rapid replanning},
journal = {{IEEE} Trans. Robot.},
year = {2014},
pages = {853-864},
volume={30}, 
number={4}
}

@article{Swaney2013,
  title={A flexure-based steerable needle: high curvature with reduced tissue damage},
  author={Swaney, P. J. and Burgner, J. and Gilbert, H. B. and Webster III, R. J.},
  journal = {{IEEE} Trans. Biomed. Eng.},
  volume={60},
  number={4},
  pages={906-909},
  year={2013}
}

@article{Abayazid2014,
author = {Momen Abayazid and Gustaaf J Vrooijink and Sachin Patil and Ron Alterovitz and Sarthak Misra},
title = {Experimental evaluation of ultrasound-guided {3D} needle steering in biological tissue},
journal = {Int. J. Comput. Assist. Radiol. Surg.},
year = {2014},
volume = {9},
issue = {6},
pages = {931-939}
}

@incollection{Wolf1990,
author= {Douglas C. Wolf},
title= {Evaluation of the size, shape, and consistency of the liver},
editor= {H K Walker and W D Hall and J W Hurst},
booktitle= {Clinical Methods: The History, Physical, and Laboratory Examinations},
year={1990},
pages={478-481}
}

@article{Kratzer2003,
title={Factors affecting liver size: a sonographic survey of 2080 subjects},
  author={Kratzer, Wolfgang and Fritz, Violetta and Mason, Richard A. and Haenle, Mark M. and Kaechele, Volker},
  journal={Journal of Ultrasound in Medicine},
  volume={22},
  number={11},
  pages={1155-1161},
  year={2003}
}

@article{Reed2009,
author = {K B Reed and A M Okamura and N J Cowan},
title = {Modeling and control of needles with torsional friction},
journal = {IEEE Trans. Biomed. Eng.},
vol = {56},
no = {12},
pages = {2905-2916},
year = {2009}
}

@article{DiMaio2005,
  title={Needle steering and motion planning in soft tissues},
  author={Simon P. {DiMaio} and Septimiu E. Salcudean},
  journal = {{IEEE} Trans. Biomed. Eng.},
  volume={52},
  number={6},
  pages={965-974},
  year={2005}
}

@inproceedings{Swaney2015,
	title = {{Tendons, concentric tubes, and a bevel tip: three steerable robots in one transoral lung access system}},
	booktitle = {{IEEE} Int. Conf. Robotics Automation},
	year = {2015},
	pages = {5378-5383},
	author = {{Swaney}, P. J. and {Mahoney}, A.  and {Remirez}, A.  and {Lamers}, E.  and {Hartley}, B.  and {Feins}, R.  and {Alterovitz}, R.  and {Webster III}, R. J.}
}

@article{Mallapragada2009,
  title={Robot-assisted real-time tumor manipulation for breast biopsy},
  author={V G Mallapragada and N Sarkar and T K Podder},
  journal = {{IEEE} Trans. Robot.},
  volume={25},
  number={2},
  pages={316-324},
  year={2009}
}


@article{Tchelepi2009,
  title={Color comet-tail artifact: clinical applications},
  author={Hisham Tchelepi and Philip W. Ralls},
  journal = {Am. J. Roentgenol.},
  volume={192},
  number={1},
  pages={11-18},
  year={2009}
}

@article{Majewicz2012, 
author={Majewicz, A. and Marra, S. P. and van Vledder, M. G. and MingDe Lin and Choti, M. A. and Song, D. Y. and Okamura, A. M.}, 
journal={{IEEE} Trans. Biomed. Eng.}, 
title={Behavior of tip-steerable needles in ex vivo and in vivo tissue}, 
year={2012}, 
volume={59}, 
number={10}, 
pages={2705-2715}
}

@article{Mahvash2001, 
author={Mohsen Mahvash and Vincent Hayward}, 
journal={Haptics-e}, 
title={Haptic rendering of cutting: a fracture mechanics approach}, 
year={2001}, 
volume={2}, 
number={3}, 
pages={1-12}
}

@inproceedings{Majewicz2010, 
author={Majewicz, A. and Wedlick, T.R. and Reed, K.B. and Okamura, A. M.}, 
booktitle = {{IEEE} Int. Conf. Robotics Automation}, 
title={Evaluation of robotic needle steering in ex vivo tissue}, 
year={2010}, 
pages={2068-2073}
}

@inproceedings{OLeary2003, 
author={M. D. O'Leary and C. Simone and T. Washio and K. Yoshinaka and A. M. Okamura}, 
booktitle = {{IEEE} Int. Conf. Robotics Automation}, 
title={Robotic needle insertion: effects of friction and needle geometry}, 
year={2003}, 
pages={1774-1780}
}

@inproceedings{Alterovitz2005, 
author={Alterovitz, R. and Goldberg, K. and Okamura, A.}, 
booktitle = {{IEEE} Int. Conf. Robotics Automation}, 
title={Planning for steerable bevel-tip needle insertion through {2D} soft tissue with obstacles}, 
year={2005}, 
pages={1640-1645}
}

@inproceedings{Park2005, 
author={W. Park and J. S. Kim and Y. Zhou and N. J. Cowan and A. M. Okamura and G.
S. Chirikjian}, 
booktitle = {{IEEE} Int. Conf. Robotics Automation}, 
title={Diffusion-based motion planning for a nonholonomic ﬂexible needle model}, 
year={2005}, 
pages={4600-4605}
}

@inproceedings{Romano2007, 
author={Romano, JM and Webster III, RJ and Okamura, A. M.}, 
booktitle = {{IEEE} Int. Conf. Robotics Automation}, 
title={Teleoperation of steerable needles}, 
year={2007}, 
pages={934-939}
}

@inproceedings{Majewicz2013, 
author={Majewicz, A. and Okamura, A. M.}, 
booktitle = {{IEEE} World Haptics}, 
title={Cartesian and joint space teleoperation for nonholonomic steerable needles}, 
year={2013}, 
pages={395-400}
}

@article{Misra2010,
author = {S. Misra and K. B. Reed and B. W. Schafer and K. T. Ramesh and A. M. Okamura},
title={Mechanics of flexible needles robotically steered through soft tissue},
journal={Int. J. Robot. Res.},
year= {2010},
volume={29},
pages={1640-1660},
number={13}
}

@article{Reed2011,
  title={Robot-assisted needle steering},
  author={K. B. Reed and A. Majewicz and V. Kallem and R. Alterovitz and K. Goldberg and N. J. Cowan and A. M. Okamura},
  journal={IEEE Robot. Autom. Mag.},
  volume={18},
  number={4},
  pages={33-46},
  year={2011}
}

@article{Park2010,
  title={The path-of-probability algorithm for steering and feedback control of flexible needles},
  author={W Park and Y Wang and G. S. Chirikjian},
  journal={Int. J. Robot. Res.},
  volume={29},
  pages={813-830},
  year={2010}
}

@article{Duindam2010,
  title={Three-dimensional motion planning algorithms for steerable needles using inverse kinematics},
  author={V. Duindam and J. Xu and R. Alterovitz and S. Sastry and K. Goldberg},
  journal={Int. J. Robot. Res.},
  volume={29},
  number={7},
  pages={789-800},
  year={2010}
}

@article{Cheung2004,
  title={Enhancement of needle visibility in ultrasound-guided percutaneous procedures},
  author={Stephanie Cheung and Robert Rohling},
  journal = {Ultrasound Med. Biol.},
  volume={30},
  number={5},
  pages={617-624},
  year={2004}
}

@inproceedings{Wood2010,
author = {Nathan A Wood and Khaled Shahrour and Michael C. Ost and Cameron N. Riviere},
booktitle = {Int. Conf. {IEEE} Eng. Med. Biology Soc.},
pages = {5432-5435},
title = {Needle steering system using duty-cycled rotation for percutaneous kidney access},
year = {2010}
}

@inproceedings{Wood2013,
author = {Nathan A. Wood and Craig A. Lehocky and Cameron N. Riviere},
booktitle = {IEEE Int. Conf. Mechatronics},
pages = {237-241},
title = {Algorithm for three-dimensional control of needle steering via duty-cycled rotation},
year = {2013}
}

@inproceedings{Aboofazeli2009,
author = {Aboofazeli, Mohammad and Abolmaesumi, Purang and Mousavi, Parvin and Fichtinger, Gabor},
booktitle = {IEEE Int. Symp. Biomedical Imaging: Nano to Macro},
pages = {1067-1070},
title = {A new scheme for curved needle segmentation in three-dimensional ultrasound images},
year = {2009}
}

@inproceedings{Bernardes2012,
author = {Bernardes, Mariana C. and Adorno, Bruno V. and Poignet, Philippe and Borges, Geovany A.},
booktitle = {IEEE Int. Conf. Robotics Automation},
pages = {1595-1600},
title = {Semi-automatic needle steering system with robotic manipulators},
year = {2012}
}

@inproceedings{Bernardes2011,
author = {Bernardes, Mariana C. and Adorno, Bruno V. and Poignet, Philippe and Zemiti, Nabil and Borges, Geovany A.},
booktitle = {IEEE Int. Conf. Robotics Automation},
pages = {2545-2550},
title = {Adaptive path planning for steerable needles using duty-cycling},
year = {2011}
}

@article{Bernardes2013,
author = {Bernardes, Mariana C. and Adorno, Bruno V. and Poignet, Philippe and Borges, Geovany A.},
pages = {630-645},
title = {Robot-assisted automatic insertion of steerable needles with closed-loop imaging feedback and intraoperative trajectory replanning},
year = {2013},
volume = {23},
issue = {6},
journal = {Mechatronics}
}

@article{Ayvaci2011,
author = {Ayvaci, Alper and Yan, Pingkun and Xu, Sheng and Soatto, Stefano and Kruecker, Jochen},
journal = {Comput. Med. Imag. Grap.},
number = {7},
pages = {653-659},
title = {Biopsy needle detection in transrectal ultrasound},
volume = {35},
year = {2011}
}

@article{Ko2012,
author = {Seong Young Ko and Ferdinando {Rodriguez y Baena}},
journal = {Robot. Auton. Syst.},
pages = {509-521},
title = {Trajectory following for a flexible probe with state/input constraints: an approach based on model predictive control},
volume = {60},
year = {2012}
}

@article{Ko2013,
author = {Seong Young Ko and Ferdinando {Rodriguez y Baena}},
journal = {{IEEE} Trans. Biomed. Eng.},
pages = {910-917},
title = {Toward a miniaturized needle steering system with path planning for obstacle avoidance},
volume = {60},
number = {4},
year = {2013}
}

@article{Ryu2014,
author = {Seok Chang Ryu and Quek, Zhan Fan and Koh, Je Sung and Renaud, Pierre and Black, R.J. and Moslehi, Behzad and Daniel, Bruce L. and Cho, Kyu Jin and Cutkosky, M.R.},
journal = {{IEEE} Trans. Robot.},
pages = {1-11},
title = {Design of an optically controlled {MR}-compatible active needle},
volume = {31},
number = {1},
year = {2015}
}

@inproceedings{Ryu2012, 
author={Seok Chang Ryu and Quek, Zhan Fan and Renaud, Pierre and Black, R.J. and Daniel, Bruce L. and Cutkosky, M.R.}, 
booktitle={Int. Conf. Robot. Automation}, 
title={An optical actuation system and curvature sensor for a {MR}-compatible active needle}, 
year={2012}, 
pages={1589-1594}
}

@inproceedings{Sears2006,
author={Patrick Sears and Pierre Dupont},
title={A steerable needle technology using curved concentric tubes},
booktitle={{IEEE RSJ} Int. Conf. Intelligent Robots Systems},
year={2006},
pages={2850-2856}
}

@article{Seiler2012,
author = {K Seiler and S P N Singh and S Sukkarich and H F {Durrant-Whyte}},
journal = {Int. J. Robot. Res.},
pages = {151-166},
title = {Using lie group symmetries for fast corrective motion planning},
volume = {31},
number = {2},
year = {2012}
}

@article{Barva2008,
author = {Barva, M and Uhercik, M and Mari, J M and Kybic, J and Duhamel, J R and Liebgott, H and Hlavac, V and Cachard, C},
journal = {{IEEE} Trans. Ultrason. Ferroelectr. Freq. Control},
number = {7},
pages = {1559-1569},
title = {Parallel integral projection transform for straight electrode localization in {3-D} ultrasound images},
volume = {55},
year = {2008}
}

@article{Cool2010,
author = {Cool, Derek W and Gardi, Lori and Romagnoli, Cesare and Saikaly, Manale and Izawa, Jonathan I and Fenster, Aaron},
journal = {Med. Phys.},
number = {4},
pages = {1660-1673},
title = {Temporal-based needle segmentation algorithm for transrectal ultrasound prostate biopsy procedures},
volume = {37},
year = {2010}
}

@article{Ding2003b,
author = {Ding, Mingyue and Cardinal, H. Neale and Fenster, Aaron},
journal = {Med. Phys.},
number = {2},
pages = {222-234},
title = {Automatic needle segmentation in {3D} ultrasound images using two orthogonal {2D} image projections},
volume = {30},
year = {2003}
}

@article{Ding2003a,
author = {Ding, Mingyue and Fenster, Aaron},
journal = {Med. Phys.},
number = {8},
pages = {2222-2233},
title = {A real-time biopsy needle segmentation technique using {Hough} Transform},
volume = {30},
year = {2003}
}

@article{Harmat2006,
author = {Harmat, Adam and Rohling, Robert N and Salcudean, Septimiu E},
journal = {Ultrasound Med. Biol.},
number = {9},
pages = {1339-1348},
title = {Needle tip localization using stylet vibration},
volume = {32},
year = {2006}
}

@inproceedings{Neshat2008,
author = {Neshat, Hamid Reza Sadeghi and Patel, Rajni V},
booktitle = {{IEEE RAS EMBS} Int. Conf. Biomedical Robotics Biomechatronics},
pages = {670-675},
title = {{Real-time parametric curved needle segmentation in 3D ultrasound images}},
year = {2008}
}

@article{Neubach2010,
author = {Neubach, Zipi and Shoham, Moshe},
journal = {{IEEE} Trans. Biomed. Eng.},
number = {4},
pages = {799-805},
title = {Ultrasound-guided robot for flexible needle steering},
volume = {57},
year = {2010}
}

@article{Glozman2007,
author = {Glozman, Daniel and Shoham, Moshe},
journal = {{IEEE} Trans. Robot.},
number = {3},
pages = {459-467},
title = {Image-guided robotic flexible needle steering},
volume = {23},
year = {2007}
}

@article{Ma,
author = {Glozman, Daniel and Shoham, Moshe},
journal = {{IEEE} Trans. Robot.},
number = {3},
pages = {459-467},
title = {Image-guided robotic flexible needle steering},
volume = {23},
year = {2007}
}

@article{Novotny2007,
author = {Novotny, Paul M and Stoll, Jeff A and Vasilyev, Nikolay V and del Nido, Pedro J and Dupont, Pierre E and Zickler, Todd E and Howe, Robert D},
journal = {Med. Im. Anal.},
number = {5},
pages = {458-464},
title = {{GPU} based real-time instrument tracking with three-dimensional ultrasound},
volume = {11},
year = {2007}
}

@article{Okazawa2006,
author = {Okazawa, Stephen H and Ebrahimi, Richelle and Chuang, Jason and Rohling, Robert N and Salcudean, Septimiu E},
journal = {Med. Im. Anal.},
number = {3},
pages = {330-342},
title = {Methods for segmenting curved needles in ultrasound images},
volume = {10},
year = {2006}
}

@article{Okazawa2005,
author = {Okazawa, Stephen H and Ebrahimi, Richelle and Chuang, Jason and Salcudean, Septimiu E and Rohling, Robert N},
journal = {{IEEE} Trans. Mechatronics},
number = {3},
pages = {285-296},
title = {Hand-held steerable needle device},
volume = {10},
year = {2005}
}

@article{Qiu2008,
author = {Qiu, Wu and Ding, Mingyue and Yuchi, Ming},
journal = {{IEEE} Int. Conf. Intelligent Networks Intelligent Systems},
pages = {449-452},
title = {Needle segmentation using {3D} quick randomized {Hough} transform},
year = {2008}
}

@article{Uhercik2010,
author = {Uherc\'{\i}k, Mari\'{a}n and Kybic, Jan and Liebgott, Herv\'{e} and Cachard, Christian},
journal = {{IEEE} Trans. Biomed. Eng.},
number = {8},
pages = {1907-1916},
title = {Model fitting using {RANSAC} for surgical tool localization in {3D} ultrasound images},
volume = {57},
year = {2010}
}

@article{Wei2005,
author = {Wei, Zhouping and Gardi, Lori and Downey, Donal B. and Fenster, Aaron},
journal = {Med. Phys.},
number = {9},
pages = {2928-2941},
title = {Oblique needle segmentation and tracking for {3D TRUS} guided prostate brachytherapy},
volume = {32},
year = {2005}
}

@inproceedings{Zhou2008,
author = {Zhou, Hua and Qiu, Wu and Ding, Mingyue and Songgen, Zhang},
booktitle = {{SPIE} Med. Imaging: Image-Guided Procedures Modeling},
pages = {691821-1-691821-9},
title = {Automatic needle segmentation in {3D} ultrasound images using {3D} improved {Hough} transform},
volume = {6918},
year = {2008}
}

@inproceedings{Kratchman2011,
author = {Louis B Kratchman and Mohammaed M Rahman and Justin R. Saunders and Philip J. Swaney and Robert J {Webster III}},
booktitle = {{SPIE} Med. Imaging: Visualization, Image-Guided Procedures, Modeling},
pages = {76941I},
title = {Toward robotic needle steering in lung biopsy: a tendon-actuated approach},
volume = {7964},
year = {2011}
}

@article{Rogers2009,
author = {Rogers, Albert J. and Light, Edward D. and Smith, Stephen W.},
journal = {{IEEE} Trans. Ultrason. Ferroelectr. Freq. Control},
number = {7},
pages = {1301-1303},
title = {{3-D} ultrasound guidance of autonomous robot for location of ferrous shrapnel},
volume = {56},
year = {2009}
}

@article{McAleavey2003,
author = {Stephen A. McAleavey and Deborah J. Rubens and Kevin J. Parker},
journal = {{IEEE} Trans. Biomed. Eng.},
number = {2},
pages = {252-255},
title = {{Doppler} ultrasound imaging of magnetically vibrated brachytherapy seeds},
volume = {50},
year = {2003}
}

@article{Holen1985,
author = {Jarle Holen and Robert C. Waag and Raymond Gramiak},
journal = {Ultrasound Med. Biol.},
number = {2},
pages = {267-272},
title = {Representations of rapidly oscillating structures on the {Doppler} display},
volume = {11},
year = {1985}
}

@article{Hamper1991,
author = {U M Hamper and B L Savader and S Sheth},
journal = {Am. J. Roentgenol.},
pages = {401-402},
title = {Improved needle-tip visualization by color {Doppler} sonography},
volume = {156},
number = {2},
year = {1991}
}

@article{Fronheiser2008,
author = {Matthew P. Fronheiser and Salim F. Idriss and Patrick D. Wolf and Stephen W. Smith},
journal = {{IEEE} Trans. Ultrason. Ferroelectr. Freq. Control},
number = {6},
pages = {1355-1362},
title = {Vibrating interventional device detection using real-time {3-D} color {Doppler}},
volume = {55},
year = {2008}
}

@article{Webster2006,
author = {Webster III, R. J. and Kim, J. S. and Cowan, N. J. and Okamura, A. M. and Chirikjian, G. S.},
journal = {Int. J. Robot. Res.},
number = {5},
pages = {509-526},
title = {Nonholonomic modeling of needle steering},
volume = {25},
year = {2006}
}

@inproceedings{Webster2005,
author = {Webster III, R. J. and Memisevic, J and Okamura, A. M.},
booktitle = {Int. Conf. Robot. Automation},
pages = {3588-3594},
title = {Design considerations for robotic needle steering },
year = {2005}
}

@article{Kallem2009,
author = {Vinutha Kallem and Noah J Cowan},
journal = {{IEEE} Trans. Robot.},
number = {1},
pages = {191-196},
title = {Image guidance of flexible tip-steerable needles},
volume = {25},
year = {2009}
}

@article{Abayazid2013,
author = {Momen Abayazid and Roy J. Roesthuis and Rob Reilink and Sarthak Misra},
journal = {{IEEE} Trans. Robot.},
number = {2},
pages = {542-553},
title = {Integrating deflection models and image feedback for real-time flexible needle steering},
volume = {29},
year = {2013}
}

@article{Feld1997,
author = {R Feld and L Needleman and BB Goldberg},
journal = {Am. J. Roentgenol.},
volume = {168},
title = {Use of a needle-vibrating device and color {Doppler} imaging for sonographically guided invasive procedures},
pages = {255-256},
year = {1997}
}

@article{Armstrong2001,
author = {Guy Armstrong and Lisa Cardon and David Vlkomerson and David Lipson and James Wong and L. Leonardo Rodriguez and James D Thomas and Brian P Griffin},
journal = {J. American Soc. Echocardiography},
volume = {14},
issue = {1},
title = {Localization of needle tip with color {Doppler} during pericardiocentesis: in vitro validation and initial clinical application},
pages = {29-37},
year = {2001}
}

@article{Reddy2008,
author = {Kalyan E Reddy and Edward D Light and Danny J Rivera and Joseph A Kisslo and Stephen W Smith},
journal = {Ultrasonic Imaging},
volume = {30},
issue = {4},
pages = {247-250},
year = {2008},
title = {Color {Doppler} imaging of cardiac catheters using vibrating motors}
}

@article{vandeBerg2015,
author = {Nick J {van de Berg} and Jenny Dankelman and John J {van den Dobbelsteen}},
journal = {Med. Eng. Phys.},
volume = {37},
issue = {6},
pages = {617-622},
year = {2015},
title = {Design of an actively controlled steerable needle with tendon actuation and {FBG}-based shape sensing}
}

@article{Datla2014,
author = {Naresh V. Datla and Bardia Konh and Mohammad Honarvar and Tarun K. Podder and Adam P. Dicker and Yan Yu and Parsaoran Hutapea},
journal = {Med. Eng. Phys.},
volume = {36},
issue = {3},
pages = {285-293},
year = {2014},
title = {A model to predict deflection of bevel-tipped active needle advancing in soft tissue}
}

@TechReport{AmericanCancer2015,
author = {{American Cancer Society}},
title = {Cancer facts and figures},
institution = {American Cancer Society},
year = {2015}
}

@TechReport{CDC2015,
author = {{Centers for Disease Control and Prevention}},
title = {United States cancer statistics: {1999-2012} incidence and mortality},
institution = {Department of Health and Human Services, Centers for Disease Control and Prevention, and National Cancer Institute},
year = {2015}
}

@inproceedings{Ananthakrishnan2006,
  title={Epidemiology of primary and secondary liver cancers},
  author={Ananthakrishnan, Ashwin and Gogineni, Veena and Saeian, Kia},
  booktitle={Seminars in Interventional Radiology},
  volume={23},
  number={1},
  pages={47},
  year={2006}
}

@inproceedings{Pieper2004,
  title={{3D SLICER}},
  author={S. Pieper and M. Halle and R. Kikinis},
  booktitle={{IEEE} Int. Symp. Biomedical Imaging: 			Nano to Macro},
  pages={632-635},
  volume={1},
  year={2004}
}


@article{Haddad2011,
  title={Colorectal liver metastases},
  author={Haddad, Ashraf J. and Bani Hani, Murad and Pawlik, Timothy M. and Cunningham, Steven C.},
  journal={International Journal of Surgical Oncology},
  volume={2011},
  year={2011}
}
